
@inproceedings{sqrtoram,
 title={{Revisiting Square Root ORAM: Efficient Random Access in Multi-Party Computation}},
 author={Samee Zahur and Xiao Wang and Mariana Raykova and Adria Gascon and Jack Doerner and David Evans and Jonathan Katz},
 booktitle ={{IEEE Symposium on Security and Privacy}},
 year={2016}
}

@misc{cryptoeprint:2015:1153,
  title={{Obliv-C: A Lightweight Compiler for Data-Oblivious Computation}},
  author= "Samee Zahur and David Evans",
  howpublished = {{Cryptology ePrint Archive, Report 2015/1153}},
  note = "\url{http://oblivc.org}",
  year = {2015}
}

@misc{aws:ec2,
  title = {{Amazon EC2 Instance Types}},
  author = {{Amazon Web Services}},
  howpublished = {\url{https://aws.amazon.com/ec2/instance-types/}}}

@misc{healthdata:ny,
  title = {{New York State Health Data}},
  author = {{New York Department of Health}},
  howpublished = {\url{https://health.data.ny.gov/}}}

@inproceedings{sharemind,
  author = {Dan Bogdanov and S. Laur and J. Willemson},
  title = {{Sharemind: A Framework for Fast Privacy-Preserving
Computations}},
  booktitle = {{European Symposium on Research in Computer Security (ESORICS)}},
  year = 2008}

@misc{cryptoeprint:2015:1159,
  author = {Dan Bogdanov and Liina Kamm and Baldur Kubo and Reimo Rebane and Ville Sokk and Riivo Talviste},
  title = {{Students and Taxes: a Privacy-Preserving Social Study Using Secure Computation}},
  howpublished = {{Cryptology ePrint Archive, Report 2015/1159}},
  year = 2015}

@article{secretsharing,
  author = {Rob Hall and Stephen E. Fienberg and Yuval Nardi},
  title = {{Secure Multiple Linear Regression Based on Homomorphic Encryption}},
  journal = {{Journal of Official Statistics}},
  vol = 27,
  number =4,
  year = 2011}

@inproceedings{ridgeregression,
  author = {Valeria Nikolaenko and Udi Weinsberg and Stratis Ioannidis and Marc Joye and Dan Boneh and Nina Taft},
  title = {{Privacy-Preserving Ridge Regression on Hundreds of Millions of Records}},
  booktitle = {{IEEE Symposium on Security and Privacy}},
  year = 2013}

@InProceedings{NDSS:HuaEvaKat12,
  author =       "Yan Huang and
                  David Evans and
                  Jonathan Katz",
  title =        {{Private Set Intersection: Are Garbled Circuits Better than Custom Protocols?}},
  booktitle =    {{Network and Distributed Systems Security Symposium}},
  year =         2012,
}

